@article{shi2020graphaf,
  title={Graphaf: a flow-based autoregressive model for molecular graph generation},
  author={Shi, Chence and others},
  journal={International Conference on Learning Representations},
  year={2020}
}

@misc{bandara2022ddpmcd,
      title={DDPM-CD: Remote Sensing Change Detection using Denoising Diffusion Probabilistic Models}, 
      author={Wele Gedara Chaminda Bandara and Nithin Gopalakrishnan Nair and Vishal M. Patel},
      year={2022},
      eprint={2206.11892},
      archivePrefix={arXiv},
      primaryClass={cs.CV}
}

@article{fang2023changerex,
   title={Changer: Feature Interaction is What You Need for Change Detection},
   volume={61},
   ISSN={1558-0644},
   url={http://dx.doi.org/10.1109/TGRS.2023.3277496},
   DOI={10.1109/tgrs.2023.3277496},
   journal={IEEE Transactions on Geoscience and Remote Sensing},
   publisher={Institute of Electrical and Electronics Engineers (IEEE)},
   author={Fang, Sheng and Li, Kaiyu and Li, Zhe},
   year={2023},
   pages={1â€“11}
}

@article{Ding_2022_Bi_SRNet,
	doi = {10.1109/tgrs.2022.3154390},
	url = {https://doi.org/10.1109%2Ftgrs.2022.3154390},
	year = 2022,
	publisher = {Institute of Electrical and Electronics Engineers ({IEEE})},
	volume = {60},
	pages = {1--14},
	author = {Lei Ding and Haitao Guo and Sicong Liu and Lichao Mou and Jing Zhang and Lorenzo Bruzzone},
	title = {Bi-Temporal Semantic Reasoning for the Semantic Change Detection in {HR} Remote Sensing Images},
	journal = {{IEEE} Transactions on Geoscience and Remote Sensing}
}

@article{WHU-CD,
author = {Ji, Shunping and Wei, Shiqing and Lu, Meng},
year = {2018},
month = {08},
pages = {1-13},
title = {Fully Convolutional Networks for Multisource Building Extraction From an Open Aerial and Satellite Imagery Data Set},
volume = {PP},
journal = {IEEE Transactions on Geoscience and Remote Sensing},
doi = {10.1109/TGRS.2018.2858817}
}

@article{LEVIR-CD,
  title={A Spatial-Temporal Attention-Based Method and a New Dataset for Remote Sensing Image Change Detection},
  author={Hao Chen and Zhenwei Shi},
  journal={Remote. Sens.},
  year={2020},
  volume={12},
  pages={1662},
  url={https://api.semanticscholar.org/CorpusID:219512939}
}
